% Encoding: UTF-8

@article{friedman2001,
   author = "Friedman, Jerome H.",
   doi = "10.1214/aos/1013203451",
   fjournal = "The Annals of Statistics",
   journal = "Ann. Statist.",
   month = "10",
   number = "5",
   pages = "1189--1232",
   publisher = "The Institute of Mathematical Statistics",
   title = "Greedy function approximation: A gradient boosting machine.",
   url = "https://doi.org/10.1214/aos/1013203451",
   volume = "29",
   year = "2001"
}

@article{friedman2008,
 ISSN = {19326157},
 author = {Jerome H. Friedman and Bogdan E. Popescu},
 journal = {The Annals of Applied Statistics},
 number = {3},
 pages = {916--954},
 publisher = {Institute of Mathematical Statistics},
 title = {Predictive Learning via Rule Ensembles},
 volume = {2},
 year = {2008}
}

@article{greenwell2018,
  title={A Simple and Effective Model-Based Variable Importance Measure},
  author={Brandon M. Greenwell and Bradley C. Boehmke and Andrew J. McCarthy},
  journal={ArXiv},
  year={2018}
}

@mastersthesis{zolkowski2023,
    author = {Żółkowski, Artur and Krzyziński, Mateusz and Fijałkowski, Paweł},
    institution = {Undergraduate thesis, Faculty of Mathematics and Information Science},
    school = {Warsaw University of Technology},
    title = {Methods for extraction of interactions from predictive models},
    year = 2023
}

@InProceedings{molnar2020,
	author="Molnar, Christoph and Casalicchio, Giuseppe and Bischl, Bernd",
	editor="Cellier, Peggy and Driessens, Kurt",
	title="Quantifying Model Complexity via Functional Decomposition for Better Post-hoc Interpretability",
	booktitle="Machine Learning and Knowledge Discovery in Databases",
	year="2020",
	publisher="Springer International Publishing",
	pages="193--204",
	isbn="978-3-030-43823-4"
}
